@software{torchvision2016,
  title        = {TorchVision: PyTorch's Computer Vision library},
  author       = {TorchVision maintainers and contributors},
  year         = 2016,
  journal      = {GitHub repository},
  publisher    = {GitHub},
  howpublished = {\url{https://github.com/pytorch/vision}}
},
@misc{chollet2015keras,
  title={Keras},
  author={Chollet, Fran\c{c}ois and others},
  year={2015},
  howpublished={\url{https://keras.io}},
}