@misc{simonyan2014deep,
  title         = {Deep Inside Convolutional Networks: Visualising Image Classification Models and Saliency Maps},
  author        = {Karen Simonyan and Andrea Vedaldi and Andrew Zisserman},
  year          = {2014},
  eprint        = {1312.6034},
  archiveprefix = {arXiv},
  primaryclass  = {cs.CV}
},
@misc{yosinski2015understanding,
  title         = {Understanding Neural Networks Through Deep Visualization},
  author        = {Jason Yosinski and Jeff Clune and Anh Nguyen and Thomas Fuchs and Hod Lipson},
  year          = {2015},
  eprint        = {1506.06579},
  archiveprefix = {arXiv},
  primaryclass  = {cs.CV}
}
@misc{szegedy2014intriguing,
      title={Intriguing properties of neural networks}, 
      author={Christian Szegedy and Wojciech Zaremba and Ilya Sutskever and Joan Bruna and Dumitru Erhan and Ian Goodfellow and Rob Fergus},
      year={2014},
      eprint={1312.6199},
      archivePrefix={arXiv},
      primaryClass={cs.CV}
}
@misc{shrikumar2019learning,
      title={Learning Important Features Through Propagating Activation Differences}, 
      author={Avanti Shrikumar and Peyton Greenside and Anshul Kundaje},
      year={2019},
      eprint={1704.02685},
      archivePrefix={arXiv},
      primaryClass={cs.CV}
}
@misc{smilkov2017smoothgrad,
      title={SmoothGrad: removing noise by adding noise}, 
      author={Daniel Smilkov and Nikhil Thorat and Been Kim and Fernanda Viégas and Martin Wattenberg},
      year={2017},
      eprint={1706.03825},
      archivePrefix={arXiv},
      primaryClass={cs.LG}
}
@article{Selvaraju_2019,
   title={Grad-CAM: Visual Explanations from Deep Networks via Gradient-Based Localization},
   volume={128},
   ISSN={1573-1405},
   url={http://dx.doi.org/10.1007/s11263-019-01228-7},
   DOI={10.1007/s11263-019-01228-7},
   number={2},
   journal={International Journal of Computer Vision},
   publisher={Springer Science and Business Media LLC},
   author={Selvaraju, Ramprasaath R. and Cogswell, Michael and Das, Abhishek and Vedantam, Ramakrishna and Parikh, Devi and Batra, Dhruv},
   year={2019},
   month=oct, pages={336–359} }
@misc{brown2018adversarial,
      title={Adversarial Patch}, 
      author={Tom B. Brown and Dandelion Mané and Aurko Roy and Martín Abadi and Justin Gilmer},
      year={2018},
      eprint={1712.09665},
      archivePrefix={arXiv},
      primaryClass={cs.CV}
}
@misc{athalye2018synthesizing,
      title={Synthesizing Robust Adversarial Examples}, 
      author={Anish Athalye and Logan Engstrom and Andrew Ilyas and Kevin Kwok},
      year={2018},
      eprint={1707.07397},
      archivePrefix={arXiv},
      primaryClass={cs.CV}
}
@article{Su_2019,
   title={One Pixel Attack for Fooling Deep Neural Networks},
   volume={23},
   ISSN={1941-0026},
   url={http://dx.doi.org/10.1109/TEVC.2019.2890858},
   DOI={10.1109/tevc.2019.2890858},
   number={5},
   journal={IEEE Transactions on Evolutionary Computation},
   publisher={Institute of Electrical and Electronics Engineers (IEEE)},
   author={Su, Jiawei and Vargas, Danilo Vasconcellos and Sakurai, Kouichi},
   year={2019},
   month=oct, pages={828–841} }
@misc{Don_2016,
title={Puppy or bagel},
url={https://knowyourmeme.com/memes/puppy-or-bagel},
journal={Know Your Meme},
publisher={Know Your Meme},
author={Don},
year={2016},
month={Mar}} 