@article{ODIN,
  author     = {Shiyu Liang and
                Yixuan Li and
                R. Srikant},
  title      = {Principled Detection of Out-of-Distribution Examples in Neural Networks},
  journal    = {CoRR},
  volume     = {abs/1706.02690},
  year       = {2017},
  url        = {http://arxiv.org/abs/1706.02690},
  eprinttype = {arXiv},
  eprint     = {1706.02690},
  timestamp  = {Fri, 18 Nov 2022 15:40:46 +0100},
  biburl     = {https://dblp.org/rec/journals/corr/LiangLS17.bib},
  bibsource  = {dblp computer science bibliography, https://dblp.org}
}